@misc{usbcamRO60:online,
author = {},
title = {usb\_cam - ROS Wiki},
howpublished = {\url{http://wiki.ros.org/usb_cam}},
month = {},
year = {},
note = {(Accessed on 03/07/2022)}
}

@misc{camera_calibration:online,
author = {},
title = {camera\_calibration - ROS Wiki},
howpublished = {\url{http://wiki.ros.org/camera_calibration}},
month = {},
year = {},
note = {(Accessed on 03/07/2022)}
}

@misc{ArUco,
author = {Rafael Muñoz Salinas},
title = {ArUco: An efficient library for detection of planar markers and camera pose estimation},
howpublished = {\url{https://docs.google.com/document/d/1QU9KoBtjSM2kF6ITOjQ76xqL7H0TEtXriJX5kwi9Kgc/edit#heading=h.z7pnof1q4bst}},
month = {},
year = {},
note = {(Accessed on 03/06/2022)}
}

@misc{OpenCVDe76:online,
author = {},
title = {OpenCV: Detection of ArUco Markers},
howpublished = {\url{https://docs.opencv.org/3.4/d5/dae/tutorial_aruco_detection.html}},
month = {},
year = {},
note = {(Accessed on 03/06/2022)}
}

@misc{Fiducial26:online,
author = {},
title = {Fiducial marker - W
ikipedia},
howpublished = {\url{https://en.wikipedia.org/wiki/Fiducial_marker}},
month = {},
year = {},
note = {(Accessed on 03/06/2022)}
}

@misc{Roboticonline,
author = {Naiara Bertrão},
title = {Robótica vai crescer até 10 vezes e pode chegar a US\$ 260 bilhões de faturamento no fim da década},
howpublished = {https://valorinveste.globo.com/objetivo/empreenda-se/noticia/2021/09/04/robotica-vai-crescer-ate-10-vezes-e-pode-chegar-a-us-260-bilhoes-de-faturamento-no-fim-da-decada.ghtml},
month = {06},
year = {2021},
note = {(Accessed on 02/24/2022)}
}

@BOOK{robotica1,
author={Jhon Craig},
title={Robótica},
publisher={Pearson Education},
year={2012},
volume={3}
}


@article{eason1955certain,
  title={On certain integrals of Lipschitz-Hankel type involving products of Bessel functions},
  author={Eason, George and Noble, Benjamin and Sneddon, Ian Naismith},
  journal={Philosophical Transactions of the Royal Society of London. Series A, Mathematical and Physical Sciences},
  volume={247},
  number={935},
  pages={529--551},
  year={1955},
  publisher={The Royal Society London}
}
@article{clerk1892maxwell,
  title={Maxwell, A Treatise on Electricity and Magnetism, vol. 2},
  author={Clerk, J},
  year={1892}
}
@article{jacobs1963fine,
  title={Fine particles, thin films and exchange anisotropy},
  author={Jacobs, IS},
  journal={Magnetism},
  pages={271--350},
  year={1963},
  publisher={Academic}
}
@article{nicoletitle,
  title={" Title of paper if you know" , unpublished},
  author={Nicole, R}
}
@article{elissatitle,
  title={" Title of paper with only first word capitalized," J. Name Stand. Abbrev., in press.},
  author={Elissa, K}
}
@article{yorozu1987electron,
  title={Electron spectroscopy studies on magneto-optical media and plastic substrate interface},
  author={Yorozu, T and Hirano, M and Oka, K and Tagawa, Y},
  journal={IEEE translation journal on magnetics in Japan},
  volume={2},
  number={8},
  pages={740--741},
  year={1987},
  publisher={IEEE}
}
@misc{young1989technical,
  title={The technical writer's handbook: Writing with style and clarity. Mill Valley},
  author={Young, Matt},
  year={1989},
  publisher={CA: University Science Books}
}